% This BibTeX bibliography file was created using BibDesk.% http://bibdesk.sourceforge.net/% Created for Lauro Cesar Araujo at 2015-04-27 19:43:45 -0300% Saved with string encoding Unicode (UTF-8)

@book{ibge1993,
	address = {Rio de Janeiro},
	author = {IBGE},
	date-added = {2013-08-21 13:56:10 +0000},
	date-modified = {2013-08-21 13:56:10 +0000},
	edition = {3},
	organization = {http://biblioteca.ibge.gov.br/visualizacao/livros/liv23907.pdf},
	publisher = {Centro de Documenta{\c c}{\~a}o e Dissemina{\c c}{\~a}o de Informa{\c c}{\~o}es. Funda{\c c}{\~a}o Intituto Brasileiro de Geografia e Estat{\'\i}stica},
	title = {Normas de apresenta{\c c}{\~a}o tabular},
	urlaccessdate = {21 ago 2013},
	year = {1993}
}

@misc{abntex2-wiki-como-customizar,
	author = {Lauro C{\'e}sar Araujo},
	bdsk-url-1 = {https://github.com/abntex/abntex2/wiki/ComoCustomizar},
	date-added = {2013-03-23 21:39:21 +0000},
	date-modified = {2015-04-27 22:43:06 +0000},
	howpublished = {Wiki do abnTeX2},
	keywords = {wiki},
	title = {Como customizar o abnTeX2},
	url = {https://github.com/abntex/abntex2/wiki/ComoCustomizar},
	urlaccessdate = {27 abr 2015},
	year = {2015}
}

@manual{talbot2012,
	author = {Nicola L.C. Talbot},
	bdsk-url-1 = {http://mirrors.ctan.org/macros/latex/contrib/glossaries/glossaries-user.pdf},
	date-added = {2013-03-11 12:06:04 +0000},
	date-modified = {2013-03-11 12:06:56 +0000},
	month = {Nov.},
	title = {User Manual for glossaries.sty},
	url = {http://mirrors.ctan.org/macros/latex/contrib/glossaries/glossaries-user.pdf},
	urlaccessdate = {11 mar. 2013},
	year = {2012}
}

@manual{babel,
	author = {Johannes Braams},
	bdsk-url-1 = {http://mirrors.ctan.org/info/babel/babel.pdf},
	date-added = {2013-02-17 13:37:14 +0000},
	date-modified = {2013-02-17 13:38:38 +0000},
	month = {Apr.},
	title = {Babel, a multilingual package for use with LATEX's standard document classes},
	url = {http://mirrors.ctan.org/info/babel/babel.pdf},
	urlaccessdate = {17 fev. 2013},
	year = {2008}
}

@manual{abntex2modelo-artigo,
	annote = {Este documento {\'e} derivado do \cite{abnt-bibtex-doc}},
	author = {Lauro C{\'e}sar Araujo},
	bdsk-url-1 = {http://www.abntex.net.br/},
	date-added = {2013-01-15 00:10:35 +0000},
	date-modified = {2015-04-27 22:43:13 +0000},
	organization = {Equipe abnTeX2},
	title = {Modelo Can{\^o}nico de Artigo Cient{\'\i}fico com abnTeX2},
	url = {http://www.abntex.net.br/},
	year = {2015}
}

@manual{abntex2modelo-relatorio,
	annote = {Este documento {\'e} derivado do \cite{abnt-bibtex-doc}},
	author = {Lauro C{\'e}sar Araujo},
	bdsk-url-1 = {http://www.abntex.net.br/},
	date-added = {2013-01-15 00:05:34 +0000},
	date-modified = {2015-04-27 22:43:18 +0000},
	organization = {Equipe abnTeX2},
	title = {Modelo Can{\^o}nico de Relat{\'o}rio T{\'e}cnico e/ou Cient{\'\i}fico com abnTeX2},
	url = {http://www.abntex.net.br/},
	year = {2015}
}

@manual{abntex2modelo,
	annote = {Este documento {\'e} derivado do \cite{abnt-bibtex-doc}},
	author = {Lauro C{\'e}sar Araujo},
	bdsk-url-1 = {http://www.abntex.net.br/},
	date-added = {2013-01-12 22:55:32 +0000},
	date-modified = {2015-04-27 22:43:32 +0000},
	organization = {Equipe abnTeX2},
	title = {Modelo Can{\^o}nico de Trabalho Acad{\^e}mico com abnTeX2},
	url = {http://www.abntex.net.br/},
	year = {2015}
}

@mastersthesis{araujo2012,
	address = {Bras{\'\i}lia},
	author = {Lauro C{\'e}sar Araujo},
	date-added = {2013-01-09 11:04:42 +0000},
	date-modified = {2013-01-09 11:04:42 +0000},
	month = {mar.},
	school = {Universidade de Bras{\'\i}lia},
	subtitle = {uma perspectiva de {A}rquitetura da {I}nforma{\c c}{\~a}o da {E}scola de {B}ras{\'\i}lia},
	title = {Configura{\c c}{\~a}o},
	year = {2012}
}

@manual{memoir,
	address = {Normandy Park, WA},
	author = {Peter Wilson and Lars Madsen},
	bdsk-url-1 = {http://ctan.tche.br/macros/latex/contrib/memoir/memman.pdf},
	date-added = {2013-01-09 10:37:50 +0000},
	date-modified = {2013-03-21 13:23:25 +0000},
	organization = {The Herries Press},
	title = {The Memoir Class for Configurable Typesetting - User Guide},
	url = {http://mirrors.ctan.org/macros/latex/contrib/memoir/memman.pdf},
	urlaccessdate = {19 dez. 2012},
	year = {2010}
}

@manual{abntex2cite-alf,
	annote = {Este documento {\'e} derivado do \cite{abnt-bibtex-alf-doc}},
	author = {Lauro C{\'e}sar Araujo},
	bdsk-url-1 = {http://www.abntex.net.br/},
	date-added = {2013-01-09 10:37:45 +0000},
	date-modified = {2015-04-27 22:43:44 +0000},
	organization = {Equipe abnTeX2},
	title = {O pacote abntex2cite: t{\'o}picos espec{\'\i}ficos da ABNT NBR 10520:2002 e o estilo bibliogr{\'a}fico alfab{\'e}tico (sistema autor-data)},
	url = {http://www.abntex.net.br/},
	year = {2015}
}

@manual{abntex2cite,
	annote = {Este documento {\'e} derivado do \cite{abnt-bibtex-doc}},
	author = {Lauro C{\'e}sar Araujo},
	bdsk-url-1 = {http://www.abntex.net.br/},
	date-added = {2013-01-09 10:37:45 +0000},
	date-modified = {2015-04-27 22:43:38 +0000},
	organization = {Equipe abnTeX2},
	title = {O pacote abntex2cite: Estilos bibliogr{\'a}ficos compat{\'\i}veis com a ABNT NBR 6023},
	url = {http://www.abntex.net.br/},
	year = {2015}
}

@manual{abntex2classe,
	author = {Lauro C{\'e}sar Araujo},
	bdsk-url-1 = {http://www.abntex.net.br/},
	date-added = {2013-01-09 10:37:38 +0000},
	date-modified = {2015-04-27 22:42:47 +0000},
	organization = {Equipe abnTeX2},
	title = {A classe abntex2: Modelo can{\^o}nico de trabalhos acad{\^e}micos brasileiros compat{\'\i}vel com as normas ABNT NBR 14724:2011, ABNT NBR 6024:2012 e outras},
	url = {http://www.abntex.net.br/},
	year = {2015}
}

@manual{NBR10520:2002,
	address = {Rio de Janeiro},
	date-added = {2012-12-15 21:43:38 +0000},
	date-modified = {2013-01-12 22:17:20 +0000},
	month = {ago.},
	org-short = {ABNT},
	organization = {Associa{\c c}\~ao Brasileira de Normas T{\'e}cnicas},
	pages = 7,
	subtitle = {Informa{\c c}\~ao e documenta{\c c}\~ao --- Apresenta{\c c}\~ao de cita{\c c}\~oes em documentos},
	title = {{NBR} 10520},
	year = 2002
}

@manual{NBR6024:2012,
	address = {Rio de Janeiro},
	date-added = {2012-12-15 21:24:06 +0000},
	date-modified = {2012-12-15 21:24:28 +0000},
	month = {fev.},
	org-short = {ABNT},
	organization = {Associa{\c c}\~ao Brasileira de Normas T{\'e}cnicas},
	pages = 4,
	subtitle = {Numera{\c c}\~ao progressiva das se{\c c}\~oes de um documento},
	title = {{NBR} 6024},
	year = 2012
}

@manual{NBR6028:2003,
	address = {Rio de Janeiro},
	date-added = {2012-12-15 21:02:12 +0000},
	date-modified = {2012-12-15 21:02:50 +0000},
	month = {nov.},
	org-short = {ABNT},
	organization = {Associa{\c c}\~ao Brasileira de Normas T{\'e}cnicas},
	pages = 2,
	subtitle = {Resumo - Apresenta{\c c}{\~a}o},
	title = {{NBR} 6028},
	year = 2003
}

@manual{NBR14724:2001,
	address = {Rio de Janeiro},
	date-added = {2012-12-15 20:34:08 +0000},
	date-modified = {2012-12-15 20:34:08 +0000},
	month = {jul.},
	org-short = {ABNT},
	organization = {Associa{\c c}\~ao Brasileira de Normas T{\'e}cnicas},
	pages = 6,
	subtitle = {Informa{\c c}\~ao e documenta{\c c}\~ao --- trabalhos acad\^emicos --- apresenta{\c c}\~ao},
	title = {{NBR} 14724},
	year = 2001
}

@manual{NBR14724:2002,
	address = {Rio de Janeiro},
	date-added = {2012-12-15 20:34:17 +0000},
	date-modified = {2012-12-15 20:34:17 +0000},
	month = {ago.},
	org-short = {ABNT},
	organization = {Associa{\c c}\~ao Brasileira de Normas T{\'e}cnicas},
	pages = 6,
	subtitle = {Informa{\c c}\~ao e documenta{\c c}\~ao --- trabalhos acad\^emicos --- apresenta{\c c}\~ao},
	title = {{NBR} 14724},
	year = 2002
}

@manual{NBR14724:2005,
	address = {Rio de Janeiro},
	date-added = {2012-12-15 20:34:08 +0000},
	date-modified = {2012-12-15 20:35:25 +0000},
	month = {dez.},
	org-short = {ABNT},
	organization = {Associa{\c c}\~ao Brasileira de Normas T{\'e}cnicas},
	pages = 9,
	subtitle = {Informa{\c c}\~ao e documenta{\c c}\~ao --- trabalhos acad\^emicos --- apresenta{\c c}\~ao},
	title = {{NBR} 14724},
	year = 2005
}

@manual{NBR14724:2011,
	address = {Rio de Janeiro},
	date-added = {2012-12-15 20:34:08 +0000},
	date-modified = {2012-12-15 20:35:25 +0000},
	month = {mar.},
	note = {Substitui a Ref.~\citeonline{NBR14724:2005}},
	org-short = {ABNT},
	organization = {Associa{\c c}\~ao Brasileira de Normas T{\'e}cnicas},
	pages = 15,
	subtitle = {Informa{\c c}\~ao e documenta{\c c}\~ao --- trabalhos acad\^emicos --- apresenta{\c c}\~ao},
	title = {{NBR} 14724},
	year = 2011
}

@article{van86,
	author = {{van}, Gigch, John P. and Leo L. Pipino},
	journal = {Future Computing Systems},
	number = {1},
	pages = {71--97},
	title = {In search for a paradigm for the discipline of information systems},
	volume = {1},
	year = {1986}
}

@phdthesis{guizzardi2005,
	address = {Enschede, The Netherlands},
	author = {Giancarlo Guizzardi},
	bdsk-url-1 = {http://www.loa.istc.cnr.it/Guizzardi/SELMAS-CR.pdf},
	date-added = {2012-04-23 11:35:28 +0000},
	date-modified = {2012-04-23 11:35:28 +0000},
	school = {Centre for Telematics and Information Technology, University of Twente},
	title = {Ontological Foundations for Structural Conceptual Models},
	url = {http://www.loa.istc.cnr.it/Guizzardi/SELMAS-CR.pdf},
	urlaccessdate = {3 jul. 2011},
	year = {2005}
}

@mastersthesis{macedo2005,
	author = {Fl{\'a}via L. Macedo},
	date-added = {2012-04-23 11:35:13 +0000},
	date-modified = {2012-04-23 11:35:13 +0000},
	keywords = {arquitetura da informa{\c c}{\~a}o},
	school = {Universidade de Bras{\'\i}lia},
	title = {Arquitetura da Informa{\c c}{\~a}o: aspectos espistemol{\'o}gicos, cient{\'\i}ficos e pr{\'a}ticos.},
	type = {Disserta{\c c}{\~a}o de Mestrado},
	year = {2005}
}

@manual{EIA649B,
	address = {EUA},
	date-added = {2012-04-23 11:34:59 +0000},
	date-modified = {2012-04-23 11:34:59 +0000},
	keywords = {norma},
	month = {June},
	organization = {TechAmerica},
	title = {ANSI/EIA 649-B: Configuration Management Standard},
	year = {2011}
}

@inproceedings{masolo2010,
	author = {Claudio Masolo},
	bdsk-url-1 = {http://wiki.loa-cnr.it/Papers/kr10v0.7.pdf},
	booktitle = {Proceedings of the Twelfth International Conference on the Principles of Knowledge Representation and Reasoning (KR 2010)},
	date-added = {2012-04-23 11:34:38 +0000},
	date-modified = {2012-04-23 11:34:38 +0000},
	editor = {F. Lin and U. Sattler},
	pages = {258--268},
	publisher = {AAAI Press},
	title = {Understanding Ontological Levels},
	url = {http://wiki.loa-cnr.it/Papers/kr10v0.7.pdf},
	urlaccessdate = {2 jan. 2012},
	year = {2010}
}

@inbook{guarino1995,
	address = {Vienna},
	author = {Nicola Guarino},
	bdsk-url-1 = {http://wiki.loa-cnr.it/Papers/OntLev.pdf},
	booktitle = {Philosophy and the Cognitive Science},
	date-added = {2012-04-23 11:34:29 +0000},
	date-modified = {2012-04-23 11:34:29 +0000},
	editor = {R. Casati and B. Smith and G. White},
	month = {Sept.},
	pages = {443--456},
	publisher = {Holder-Pivhler-Tempsky},
	title = {The Ontological Level},
	url = {http://wiki.loa-cnr.it/Papers/OntLev.pdf},
	urlaccessdate = {2 jan. 2012},
	year = {1995}
}

@incollection{bates2010,
	address = {New York},
	author = {Marcia J. Bates},
	bdsk-url-1 = {http://pages.gseis.ucla.edu/faculty/bates/articles/information.html},
	booktitle = {Encyclopedia of Library and Information Sciences},
	date-added = {2012-04-23 11:34:29 +0000},
	date-modified = {2012-04-23 11:34:29 +0000},
	edition = {3rd},
	editor = {Marcia J. Bates and Mary Niles Maack},
	pages = {2347--2360},
	publisher = {CRC Press},
	title = {Information},
	url = {http://pages.gseis.ucla.edu/faculty/bates/articles/information.html},
	urlaccessdate = {24 out. 2011},
	volume = {3},
	year = {2010}
}

@book{doxiadis1965,
	author = {Constantinos A. Doxiadis},
	date-added = {2012-04-23 11:34:20 +0000},
	date-modified = {2012-04-23 11:34:20 +0000},
	publisher = {Ceira - Coimbra},
	title = {Arquitetura em Transi{\c c}{\~a}o},
	year = {1965}
}

@book{dewey1980,
	address = {New York, NY, USA},
	author = {John Dewey},
	date-added = {2012-04-23 11:34:16 +0000},
	date-modified = {2012-04-23 11:34:16 +0000},
	publisher = {Perigee Books},
	title = {Art as Experience},
	year = {1980}
}

@article{Materials_for_hydrogen_storage,
	author = {Andreas Z{\"u}ttel},
	journal = {Materials Today},
	month = sep,
	number = {9},
	pages = {33},
	title = {Materials for hydrogen storage},
	url = {https://doi.org/10.1016/S1369-7021(03)00922-2},
	volume = {6},
	year = {2003}
}

@booklet{Agenda_2030,
	author = {UNITED NATIONS},
	organization = {United Nations},
	pages = {41},
	title = {TRANSFORMING OUR WORLD: THE 2030 AGENDA FOR SUSTAINABLE DEVELOPMENT},
	url = {https://sdgs.un.org/sites/default/files/publications/21252030%20Agenda%20for%20Sustainable%20Development%20web.pdf},
	year = {2015}
}

@book{Lincoln1985-ua,
	address = {Thousand Oaks, CA},
	author = {Yvonna S Lincoln and Egon G Guba},
	language = {en},
	month = jun,
	publisher = {SAGE Publications},
	title = {Naturalistic Inquiry},
	year = 1985
}

@book{Kuhn2012-oa,
	address = {Chicago, IL},
	author = {Thomas S Kuhn},
	edition = 50,
	month = may,
	publisher = {University of Chicago Press},
	title = {The structure of scientific revolutions},
	year = 2012
}

@article{DIALECTICAL_TECHNOLOGY,
	author = {NATALIA JUCHNIEWICZ},
	institution = {Institute of Philosophy},
	journal = {FILOZOFIA},
	number = {10},
	pages = {13},
	school = {University of Warsaw, PL},
	title = {DIALECTICAL TECHNOLOGY -- HEGEL ON MEANS, TOOLS AND THE MACHINE},
	url = {https://www.academia.edu/38029596/DIALECTICAL_TECHNOLOGY_HEGEL_ON_MEANS_TOOLS_AND_THE_MACHINE},
	volume = {73},
	year = {2018}
}

@proceedings{OECD_IEA_2012,
	author = {Sara Bryan Pasquier},
	booktitle = {Insights series 2012},
	institution = {International Energy Agency},
	location = {9 rue de la F{\'e}d{\'e}ration Switzerland 75739 Paris Cedex 15 France},
	pages = {24},
	publisher = {OECD/IEA},
	title = {Energy Efficiency Policy Developments},
	url = {https://www.oecd-ilibrary.org/docserver/5k3wb8f2dr36-en.pdf?expires=1645614162&id=id&accname=guest&checksum=DCFD9D21AE06347A8F5F3788BEC11727},
	year = {2012}
}

@phdthesis{Servicos_Ancilares,
	author = {JUAN CARLOS GALVIS MANSO},
	location = {Ilha Solteira - SP},
	month = apr,
	pages = {171},
	title = {Valoriza{\c c}{\~a}o de Servi{\c c}os Ancilares de Reserva em Geradores Hidrel{\'e}tricos},
	url = {https://www.feis.unesp.br/Home/departamentos/engenhariaeletrica/pos-graduacao/064-tese_juan_carlos_galvis.pdf},
	year = {2010}
}

@article{Energetic_evaluation,
	author = {Karsten M{\"u}ller and Patrick Adametz},
	journal = {International Journal of Energy Research},
	month = may,
	number = {13},
	pages = {31},
	title = {Energetic evaluation of hydrogen storage in metal hydrides},
	url = {https://doi.org/10.1002/er.3563},
	volume = {40},
	year = {2016}
}

@article{Developments_hydrogen,
	author = {Marcus Newborough and Graham Cooley},
	booktitle = {Fuel Cells Bulletin},
	journal = {Fuel Cells Bulletin},
	month = nov,
	number = {11},
	title = {Developments in the global hydrogen market: The spectrum of hydrogen colours},
	url = {https://www.magonlinelibrary.com/doi/epub/10.1016/S1464-2859%2820%2930546-0},
	year = {2020}
}

@article{hydrogen_markets,
	author = {Charles W. Forsberg},
	booktitle = {International Journal of Hydrogen Energy},
	journal = {International Journal of Hydrogen Energy},
	month = mar,
	number = {4},
	pages = {8},
	title = {Future hydrogen markets for large-scale hydrogen production systems},
	volume = {32},
	year = {2007}
}

@article{Comparison_hydrogen_hydrates,
	author = {PietroDi Profio and Simone Arca and Federico Rossi and Mirko Filipponi},
	booktitle = {International Journal of Hydrogen Energy},
	journal = {International Journal of Hydrogen Energy},
	month = nov,
	number = {22},
	pages = {7},
	title = {Comparison of hydrogen hydrates with existing hydrogen storage technologies: Energetic and economic evaluations},
	url = {https://www.sciencedirect.com/science/article/abs/pii/S0360319909014967},
	volume = {34},
	year = {2009}
}

@article{B815553B,
	abstract = {This critical review covers the mechanisms underlying density functional theory (DFT) simulations and their relevance in evaluating{,} developing and discovering new materials. It is intended to be of interest for both experimentalists and theorists in the expanding field of hydrogen storage. We focus on the most studied classes of materials{,} metal-hydride{,} -amide{,} and -borohydride mixtures{,} and bare and transition metal-doped carbon systems and the utility of DFT simulations for the pre-screening of thermally destabilised reaction paths (170 references).},
	author = {S. A. Shevlin and Z. X. Guo},
	doi = {10.1039/B815553B},
	issue = {1},
	journal = {Chem. Soc. Rev.},
	pages = {211--225},
	publisher = {The Royal Society of Chemistry},
	title = {Density functional theory simulations of complex hydride and carbon-based hydrogen storage materials},
	url = {http://dx.doi.org/10.1039/B815553B},
	volume = {38},
	year = {2009}
}

@phdthesis{ANTONIO_CARLOS_HIDALGO,
	author = {ANTONIO CARLOS HIDALGO GERALDO},
	institution = {UNESP - Universidade Estadual Paulista},
	location = {Bauru},
	title = {DID{\'A}TICA DE CI{\^E}NCIAS E DE BIOLOGIA NA PERSPECTIVA DA PEDAGOGIA HIST{\'O}RICO-CR{\'I}TICA},
	url = {https://www2.fc.unesp.br/BibliotecaVirtual/DetalhaDocumentoAction.do?idDocumento=30},
	year = {2006}
}

@article{Climate_quantitative_projections,
	author = {Kepa Solaun and Emilio Cerda},
	edition = {116},
	institution = {Universidad de Navarra},
	journal = {Renewable and Sustainable Energy Reviews},
	location = {Pamplona, Spain},
	month = sep,
	pages = {16},
	title = {Climate change impacts on renewable energy generation. A review of quantitative projections},
	url = {https://doi.org/10.1016/j.rser.2019.109415},
	year = {2019}
}

@book{Interdiscipplinaridade_Ambientais,
	author = {Philippi, Jr., Arlindo and Carlos E. Morelli Tucci and Daniel Joseph Hogan and Raul Navegantes},
	institution = {NISAM/USP NEPO/UNICAMP INPE},
	location = {S{\~a}o Paulo},
	pages = {319},
	publisher = {Signus Editora},
	title = {Interdiscipplinaridade em Ci{\^e}ncias Ambientais},
	year = {2000}
}

