% This BibTeX bibliography file was created using BibDesk.% http://bibdesk.sourceforge.net/% Created for Lauro Cesar Araujo at 2015-04-27 19:43:45 -0300% Saved with string encoding Unicode (UTF-8)

@book{ibge1993,
	address = {Rio de Janeiro},
	author = {{Instituto Brasileiro de Geografia e Estat{'\i}stica} (IBGE)},
	edition = {3},
	publisher = {Centro de Documenta{\c c}{~a}o e Dissemina{\c c}{~a}o de Informa{\c c}{~o}es},
	title = {Normas de Apresenta{\c c}{~a}o Tabular},
	year = {1993},
	url = {http://biblioteca.ibge.gov.br/visualizacao/livros/liv23907.pdf},
	organization = {IBGE},
	urlaccessdate = {18 mar 2023}
}

@inbook{Interdisciplinar_casos,
	author = {Vargas, Vera Maria Ferrão},
	title = {Projetos em Ciências Ambientais: Relato de Casos},
	booktitle = {Interdisciplinaridade em Ciências Ambientais},
	editor = {{Philippi Júnior}, Arlindo and Tucci, Carlos E. Morelli and Hogan, Daniel Joseph and Navegantes, Raul},
	chapter = {9},
	pages = {12},
	publisher = {Signus Editora},
	location = {São Paulo},
	institution = {ONU - PNUMA},
	year = {2000},
	url = {http://www.nuredam.com.br/files/divulgacao/philippi01.pdf}
}

@inbook{bardin_epistemologia,
	author = {Gaspi, Suelen de and Maron, Luis Henrique Pupo and Magalhães Júnior, Carlos Alberto Oliveira de},
	title = {Análise de conteúdo numa perspectiva de Bardin},
	booktitle = {Metodologia da Pesquisa em Educação e Ensino de Ciências},
	editor = {Magalhães Júnior, Carlos Alberto Oliveira de and Batista, Michel Corci},
	publisher = {Massoni},
	location = {Maringá - PR},
	pages = {11},
	year = {2021},
	isbn = {978-65-87542-35-5},
	url = {https://www.researchgate.net/profile/Carlos-Magalhaes-Junior/publication/358189924_Metodologia_da_Pesquisa_em_Educacao_e_Ensino_de_Ciencias/links/61f4261caad5781d41b6dd5e/Metodologia-da-Pesquisa-em-Educacao-e-Ensino-de-Ciencias.pdf?origin=publication_detail}
}

@inbook{modernas_Interdisciplinar,
	author = {Luiz Fernando Soares de Assis},
	booktitle = {Interdisciplinaridade em Ci{\^e}ncias Ambientais},
	chapter = {10},
	editor = {Arlindo {Philippi J{\'u}nior} and Carlos E. Morelli Tucci and Daniel Joseph Hogan and Raul Navegantes},
	institution = {ONU - PNUMA},
	location = {S{\~a}o Paulo},
	pages = {14},
	publisher = {Signus Editora},
	title = {Interdisciplinaridade: Necessidade das Ci{\^e}ncias Modernas e Imperativo das Quest{\~o}es Ambientais},
	url = {http://www.nuredam.com.br/files/divulgacao/philippi01.pdf},
	year = {2000}
}

@mastersthesis{araujo2012,
	author = {Araujo, Lauro César},
	title = {Configuração: uma perspectiva de Arquitetura da Informação da Escola de Brasília},
	subtitle = {},
	school = {Universidade de Brasília},
	address = {Brasília},
	year = {2012},
	month = {mar.}
}

@inbook{Interdisciplinaridade_Futura,
	author = {Tucci, Carlos E. Morelli and Philippi Júnior, Arlindo and Hogan, Daniel Joseph and Navegantes, Raul},
	title = {Uma Visão Atual e Futura da Interdisciplinaridade em C&T Ambiental},
	booktitle = {Interdisciplinaridade em Ciências Ambientais},
	editor = {Philippi Júnior, Arlindo and Tucci, Carlos E. Morelli and Hogan, Daniel Joseph and Navegantes, Raul},
	chapter = {16},
	pages = {11},
	publisher = {Signus Editora},
	address = {São Paulo},
	year = {2000},
	institution = {ONU - PNUMA},
	url = {http://www.nuredam.com.br/files/divulgacao/philippi01.pdf}
}

@article{van86,
	author = {{van Gigch}, John P. and Pipino, Leo L.},
	title = {In search for a paradigm for the discipline of information systems},
	journaltitle = {Future Computing Systems},
	volume = {1},
	number = {1},
	pages = {71--97},
	year = {1986}
}

@phdthesis{guizzardi2005,
	address = {Enschede, The Netherlands},
	author = {Guizzardi, Giancarlo},
	school = {Universidade de Twente},
	title = {Fundamentos Ontológicos para Modelos Conceituais Estruturais},
	url = {http://www.loa.istc.cnr.it/Guizzardi/SELMAS-CR.pdf},
	year = {2005}
}

@mastersthesis{macedo2005,
	author = {Fl{\'a}via L. Macedo},
	date-added = {2012-04-23 11:35:13 +0000},
	date-modified = {2012-04-23 11:35:13 +0000},
	keywords = {arquitetura da informa{\c c}{\~a}o},
	school = {Universidade de Bras{\'\i}lia},
	title = {Arquitetura da Informa{\c c}{\~a}o: aspectos espistemol{\'o}gicos, cient{\'\i}ficos e pr{\'a}ticos.},
	type = {Disserta{\c c}{\~a}o de Mestrado},
	year = {2005}
}

@article{Materials_for_hydrogen_storage,
	author = {Andreas Z{\"u}ttel},
	journal = {Materials Today},
	month = sep,
	number = {9},
	pages = {33},
	title = {Materials for hydrogen storage},
	url = {https://doi.org/10.1016/S1369-7021(03)00922-2},
	volume = {6},
	year = {2003}
}

@booklet{Agenda_2030,
	author = {United Nations},
	organization = {United Nations},
	pages = {41},
	title = {Transforming our World: the 2030 Agenda for sustainable development},
	url = {https://sdgs.un.org/sites/default/files/publications/21252030%20Agenda%20for%20Sustainable%20Development%20web.pdf},
	year = {2015}
}

@book{Lincoln1985-ua,
	address = {Thousand Oaks, CA},
	author = {Yvonna S Lincoln and Egon G Guba},
	language = {en},
	month = jun,
	publisher = {SAGE Publications},
	title = {Naturalistic Inquiry},
	year = 1985
}

@book{Kuhn2012-oa,
	address = {Chicago, IL},
	author = {Thomas S Kuhn},
	edition = 50,
	month = may,
	publisher = {University of Chicago Press},
	title = {The structure of scientific revolutions},
	year = 2012
}

@article{DIALECTICAL_TECHNOLOGY,
	author = {Natalia Juchniewicz},
	institution = {Institute of Philosophy},
	journal = {FILOZOFIA},
	number = {10},
	pages = {13},
	school = {University of Warsaw, PL},
	title = {DIALECTICAL TECHNOLOGY -- HEGEL ON MEANS, TOOLS AND THE MACHINE},
	url = {https://www.academia.edu/38029596/DIALECTICAL_TECHNOLOGY_HEGEL_ON_MEANS_TOOLS_AND_THE_MACHINE},
	volume = {73},
	year = {2018}
}

@proceedings{OECD_IEA_2012,
	author = {Sara Bryan Pasquier},
	booktitle = {Insights series 2012},
	institution = {International Energy Agency},
	location = {9 rue de la F{\'e}d{\'e}ration Switzerland 75739 Paris Cedex 15 France},
	pages = {24},
	publisher = {OECD/IEA},
	title = {Energy Efficiency Policy Developments},
	url = {https://www.oecd-ilibrary.org/docserver/5k3wb8f2dr36-en.pdf?expires=1645614162&id=id&accname=guest&checksum=DCFD9D21AE06347A8F5F3788BEC11727},
	year = {2012}
}

@phdthesis{Servicos_Ancilares,
	author = {Juan Carlos Galvis Manso},
	location = {Ilha Solteira - SP},
	month = apr,
	pages = {171},
	title = {Valoriza{\c c}{\~a}o de Servi{\c c}os Ancilares de Reserva em Geradores Hidrel{\'e}tricos},
	url = {https://www.feis.unesp.br/Home/departamentos/engenhariaeletrica/pos-graduacao/064-tese_juan_carlos_galvis.pdf},
	year = {2010}
}

@article{Energetic_evaluation,
	author = {Karsten M{\"u}ller and Patrick Adametz},
	journal = {International Journal of Energy Research},
	month = may,
	number = {13},
	pages = {31},
	title = {Energetic evaluation of hydrogen storage in metal hydrides},
	url = {https://doi.org/10.1002/er.3563},
	volume = {40},
	year = {2016}
}

@article{Developments_hydrogen,
	author = {Marcus Newborough and Graham Cooley},
	booktitle = {Fuel Cells Bulletin},
	journal = {Fuel Cells Bulletin},
	month = nov,
	number = {11},
	title = {Developments in the global hydrogen market: The spectrum of hydrogen colours},
	url = {https://www.magonlinelibrary.com/doi/epub/10.1016/S1464-2859%2820%2930546-0},
	year = {2020}
}

@article{hydrogen_markets,
	author = {Charles W. Forsberg},
	booktitle = {International Journal of Hydrogen Energy},
	journal = {International Journal of Hydrogen Energy},
	month = mar,
	number = {4},
	pages = {8},
	title = {Future hydrogen markets for large-scale hydrogen production systems},
	volume = {32},
	year = {2007}
}

@article{Comparison_hydrogen_hydrates,
	author = {PietroDi Profio and Simone Arca and Federico Rossi and Mirko Filipponi},
	booktitle = {International Journal of Hydrogen Energy},
	journal = {International Journal of Hydrogen Energy},
	month = nov,
	number = {22},
	pages = {7},
	title = {Comparison of hydrogen hydrates with existing hydrogen storage technologies: Energetic and economic evaluations},
	url = {https://www.sciencedirect.com/science/article/abs/pii/S0360319909014967},
	volume = {34},
	year = {2009}
}

@article{B815553B,
	abstract = {This critical review covers the mechanisms underlying density functional theory (DFT) simulations and their relevance in evaluating{,} developing and discovering new materials. It is intended to be of interest for both experimentalists and theorists in the expanding field of hydrogen storage. We focus on the most studied classes of materials{,} metal-hydride{,} -amide{,} and -borohydride mixtures{,} and bare and transition metal-doped carbon systems and the utility of DFT simulations for the pre-screening of thermally destabilised reaction paths (170 references).},
	author = {S. A. Shevlin and Z. X. Guo},
	doi = {10.1039/B815553B},
	issue = {1},
	journal = {Chem. Soc. Rev.},
	pages = {211--225},
	publisher = {The Royal Society of Chemistry},
	title = {Density functional theory simulations of complex hydride and carbon-based hydrogen storage materials},
	url = {http://dx.doi.org/10.1039/B815553B},
	volume = {38},
	year = {2009}
}

@phdthesis{ANTONIO_CARLOS_HIDALGO,
	author = {ANTONIO CARLOS HIDALGO GERALDO},
	institution = {UNESP - Universidade Estadual Paulista},
	location = {Bauru},
	title = {DID{\'A}TICA DE CI{\^E}NCIAS E DE BIOLOGIA NA PERSPECTIVA DA PEDAGOGIA HIST{\'O}RICO-CR{\'I}TICA},
	url = {https://www2.fc.unesp.br/BibliotecaVirtual/DetalhaDocumentoAction.do?idDocumento=30},
	year = {2006}
}

@article{Climate_quantitative_projections,
	author = {Kepa Solaun and Emilio Cerda},
	edition = {116},
	institution = {Universidad de Navarra},
	journal = {Renewable and Sustainable Energy Reviews},
	location = {Pamplona, Spain},
	month = sep,
	pages = {16},
	title = {Climate change impacts on renewable energy generation. A review of quantitative projections},
	url = {https://doi.org/10.1016/j.rser.2019.109415},
	year = {2019}
}

@book{Interdisciplinaridade_Ambientais,
	author = {Arlindo {Philippi J{\'u}nior} and Carlos E. Morelli Tucci and Daniel Joseph Hogan and Raul Navegantes},
	institution = {NISAM/USP NEPO/UNICAMP INPE},
	location = {S{\~a}o Paulo},
	pages = {319},
	publisher = {Signus Editora},
	title = {Interdisciplinaridade em Ci{\^e}ncias Ambientais},
	year = {2000}
}

@book{Metodologia-Pesquisa,
	author = {Carlos Alberto Oliveira {Magalh{\~a}es J{\'u}nior} and Michel Corci Batista},
	isbn = {978-65-87542-35-5},
	location = {Maring{\'a}-PR},
	publisher = {Editora Massoni},
	title = {Metodologia da Pesquisa em Educa{\c c}{\~a}o e Ensino de Ci{\^e}ncias},
	url = {https://www.researchgate.net/publication/358189924_Metodologia_da_Pesquisa_em_Educacao_e_Ensino_de_Ciencias},
	year = {2021}
}

@inbook{cap_4_plagio,
	author = {Carlos A. Oliveira {Magalh{\~a}es J{\'u}nior} and Suelen de Gaspi},
	booktitle = {P{\'o}s-gradua{\c c}{\~a}o em tempos de pandemia: caminhos e conex{\~o}es},
	chapter = {4},
	isbn = {978-65-32-756-4},
	organization = {CNPQ},
	pages = {8},
	publisher = {Texto e Contexto},
	title = {O pl{\'a}gio na pesquisa cient{\'\i}fica e suas consequ{\^e}ncias},
	url = {https://www.researchgate.net/publication/360779025_O_plagio_na_pesquisa_cientifica_e_suas_consequencias},
	year = {2021}
}

@inbook{Paradigma_Transdisciplinar_Metodologica,
	author = {Daniel Jos{\'e} da Silva},
	booktitle = {Interdisciplinaridade em Ci{\^e}ncias Ambientais},
	chapter = {4},
	editor = {Arlindo {Philippi J{\'u}nior} and Carlos E. Morelli Tucci and Daniel Joseph Hogan and Raul Navegantes},
	institution = {ONU - PNUMA},
	location = {S{\~a}o Paulo},
	pages = {24},
	publisher = {Signus Editora},
	title = {O Paradigma Transdisciplinar: uma Perspectiva Metodol{\'o}gica para a Pesquisa Ambiental},
	url = {http://www.nuredam.com.br/files/divulgacao/philippi01.pdf},
	year = {2000}
}

@inbook{cap_6_ontologia,
	author = {Edson Ribeiro Almeida {Britto Jr.} and Camila Muniz de Oliveira},
	booktitle = {Metodologia da Pesquisa em Educa{\c c}{\~a}o e Ensino de Ci{\^e}ncias},
	chapter = {6},
	editor = {Carlos Alberto Oliveira de {Magalh{\~a}es J{\'u}nior} and Michel Corci Batista},
	isbn = {978-65-87542-35-5},
	location = {Maring{\'a} - PR},
	pages = {14},
	publisher = {Massoni},
	title = {Estudo de caso: Da ontologia e epistemologia aos procedimentos de pesquisa.},
	url = {https://www.researchgate.net/profile/Carlos-Magalhaes-Junior/publication/358189924_Metodologia_da_Pesquisa_em_Educacao_e_Ensino_de_Ciencias/links/61f4261caad5781d41b6dd5e/Metodologia-da-Pesquisa-em-Educacao-e-Ensino-de-Ciencias.pdf?origin=publication_detail},
	year = {2021}
}

@article{Representacoes_Jodelet,
	author = {Denise Jodelet},
	institution = {UFRJ- Faculdade de Educa{\c c}{\~a}o},
	pages = {30},
	title = {Representa{\c c}{\~o}es sociais: um dom{\'\i}nio em expans{\~a}o.},
	year = {1993}
}

@book{Representacees_sociais_moscovici,
	author = {Serge Moscovici},
	location = {Petr{\'o}polis, RJ},
	number = {5. ed.},
	pages = {395},
	publisher = {Vozes},
	title = {Representa{\c c}{\~o}es sociais: investiga{\c c}{\~o}es em psicologia social},
	url = {https://www.academia.edu/25698906/MOSCOVICI_S_Representa%C3%A7%C3%B5es_Sociais},
	year = {2007}
}

@book{Representacoes_Sociologia,
	author = {Erlando Silva da R{\^e}ses and M{\'a}rio Bispo dos Santos and Shirlei Daudt Rodrigues},
	booktitle = {Cidadania e Representa{\c c}{\~o}es Sociais de Professores e Estudantes},
	location = {Belo Horizonte, MG},
	number = {1. ed.},
	pages = {220},
	publisher = {Fino Tra{\c c}o},
	title = {A Sociologia no Ensino M{\'e}dio:},
	url = {https://d1wqtxts1xzle7.cloudfront.net/54081154/A_Sociologia_no_Ensino_Medio_cidadania_e_representacoes_sociais_de_professores_e_estudantes-libre.pdf?1502134555=&response-content-disposition=attachment%3B+filename%3DLivro_A_Sociologia_no_Ensino_Medio_cidad.pdf&Expires=1655160664&Signature=EclaCJrO3Fleoe14GgxXg22dPulwBHQV1lnQiCjYUhQkSuXgHuxFl3nzQvY9Ttw9BbbTRXCNZX-EQB1J6-sHuL-fcR1pD5JNLylitfqvmR42e2ZYDNKShUhSMHqj1lnLCpzQVqDK~FF2YN1GQQGdT9XcLND0tpmpOy7VGmtY87wCto-goLJRsi7~NBFWxF1Acgi9GIFLt8Dn6AqzWvqfBsbiGAQpz-1sfMrcvoijq~71HC25IMFqyZwf1qGNhUmBMVY7KJSgIlnZR~8stz7BNR5ERQHapuzhua3rLvQN9AEIa7jEwb7GSGfSYcvhUt33nDTDHyFnEjdP5CJRu1nQbQ__&Key-Pair-Id=APKAJLOHF5GGSLRBV4ZA},
	year = {2016}
}

@book{Durkheim_Educacao,
	author = {{\'E}mile Durkheim},
	booktitle = {Educa{\c c}{\~a}o e Sociologia},
	isbn = {978-972-44-1385-3},
	location = {Lisboa Portugal},
	publisher = {Edi{\c c}{\~o}es 70 Lda.},
	title = {{\'E}mile Durkheim},
	year = {2007}
}

@book{psic_social_moscovici1,
	author = {Moscovici Serge and Jean-Oaude Abric and Sharon S. Brehm and Willem Doise and Machteld Doms and John M. Levine and Germaine de Montmollin and Charlan J. Nemeth and Genevieve Paicheler and Mark A. Pavelchak},
	isbn = {978-84-7509-344-4},
	location = {Barcelona, Espanha},
	pages = {360},
	publisher = {Paid{\'o}s Ib{\'e}rica, S. A.},
	title = {Psicolog{\'\i}a social 1: Influencia y cambio de actitudes, Individuos y grupos},
	year = {1985}
}

@article{lexical_frequencies,
	author = {Ludovic Lebart},
	journal = {JADT},
	number = {15},
	pages = {12},
	series = {Journ{\'e}es internationales d{\rq}Analyse statistique des Donn{\'e}es Textuelles},
	title = {Low lexical frequencies, problems, descriptions and predictions},
	url = {http://www.dtmvic.com/doc/Lebart_JADT_2020_Eng.pdf},
	year = {2020}
}

@proceedings{Gestao_Informacao,
	author = {Mauro Ara{\'u}jo C{\^a}mara and Marta Ara{\'u}jo Tavares Ferreira},
	booktitle = {GT-4 -- Gest{\~a}o da Informa{\c c}{\~a}o e do Conhecimento},
	institution = {UNESP - ENANCIB},
	location = {Mar{\'\i}lia},
	month = oct,
	pages = {16},
	series = {XVIII ENCONTRO NACIONAL DE PESQUISA EM CI{\^E}NCIA DA INFORMA{\c C}{\~A}O -- ENANCIB 2017},
	title = {Gest{\~a}o do conhecimento: existe apenas uma?},
	url = {https://www.academia.edu/37919829/Gest%C3%A3o_do_Conhecimento_existe_apenas_uma},
	year = {2017}
}

@manual{IRAMUTEQ_TUTORIAL,
	author = {Brigido Vizeu Camargo and Ana Maria Justo},
	journal = {LACCOS},
	title = {Iramuteq Tutorial},
	url = {http://www.iramuteq.org/documentation/fichiers/IRaMuTeQ%20Tutorial%20translated%20to%20English_17.03.2016.pdf},
	year = {c.a. 2020}
}

@book{Culturas_Geertz,
	author = {Clifford Geertz},
	isbn = {ISBN 978-85-216-1333-6},
	location = {Rio de Janeiro},
	number = {1. ed.},
	pages = {323},
	title = {A interpreta{\c c}{\~a}o das culturas},
	year = {1989}
}

@article{klamt2021,
    author = {Klamt, Luciana Maria and Santos, Vanderley Severino dos},
    title = {O uso do software IRAMUTEQ na análise de conteúdo - estudo comparativo entre os trabalhos de conclusão de curso do ProfEPT e os referenciais do programa},
    journal = {Research, Society and Development},
    volume = {10},
    number = {4},
    pages = {15},
    year = {2021},
    issn = {2525-3409},
    doi = {http://dx.doi.org/10.33448/rsd-v10i4.13786},
}

@incollection{estado_arte_conhecimento,
	author = {Araujo, Cleusa Suzana Oliveira de and Ferst, Enia Maria and Vilela, Marcos Vinicius Ferreira},
	booktitle = {Metodologia da Pesquisa em Educação e Ensino de Ciências},
	editor = {Magalhães Júnior, Carlos Alberto Oliveira de and Batista, Michel Corci},
	pages = {16},
	publisher = {Massoni},
	address = {Maringá - PR},
	isbn = {978-65-87542-35-5},
	title = {Diferença entre estado da arte e estado do conhecimento},
	url = {https://www.researchgate.net/profile/Carlos-Magalhaes-Junior/publication/358189924_Metodologia_da_Pesquisa_em_Educacao_e_Ensino_de_Ciencias/links/61f4261caad5781d41b6dd5e/Metodologia-da-Pesquisa-em-Educacao-e-Ensino-de-Ciencias.pdf?origin=publication_detail},
	year = {2021}
}


@inbook{ontologia_epistemologia,
	author = {Almeida Júnior, Edson Ribeiro Britto de and Oliveira, Camila Muniz de},
	booktitle = {Metodologia da Pesquisa em Educação e Ensino de Ciências},
	editor = {de Magalhães Júnior, Carlos Alberto Oliveira and Batista, Michel Corci},
	isbn = {978-65-87542-35-5},
	location = {Maringá - PR},
	pages = {16},
	publisher = {Massoni},
	title = {Estudo de caso: da ontologia e epistemologia aos procedimentos para a pesquisa},
	url = {https://www.researchgate.net/profile/Carlos-Magalhaes-Junior/publication/358189924_Metodologia_da_Pesquisa_em_Educacao_e_Ensino_de_Ciencias/links/61f4261caad5781d41b6dd5eMetodologia-da-Pesquisa-em-Educacao-e-Ensino-de-Ciencias.pdf?origin=publication_detail},
	year = {2021}
}

@inbook{QUESTIONaRIO_epistemologia,
	author = {Felipe Fontana and Marcos Paulo Rosa},
	booktitle = {Metodologia da Pesquisa em Educa{\c c}{\~a}o e Ensino de Ci{\^e}ncias},
	editor = {Carlos Alberto Oliveira de {Magalh{\~a}es J{\'u}nior} and Michel Corci Batista},
	isbn = {978-65-87542-35-5},
	location = {Maring{\'a} - PR},
	pages = {12},
	publisher = {Massoni},
	title = {Observa{\c c}{\~a}o, question{\'a}rio, entrevista e grupo focal},
	url = {https://www.researchgate.net/profile/Carlos-Magalhaes-Junior/publication/358189924_Metodologia_da_Pesquisa_em_Educacao_e_Ensino_de_Ciencias/links/61f4261caad5781d41b6dd5e/Metodologia-da-Pesquisa-em-Educacao-e-Ensino-de-Ciencias.pdf?origin=publication_detail},
	year = {2021}
}

@inbook{PRODUTOS_EDUCACIONAIS,
	author = {Cleci Teresinha Werner da Rosa and Michel Corci Batista},
	booktitle = {Metodologia da Pesquisa em Educa{\c c}{\~a}o e Ensino de Ci{\^e}ncias},
	editor = {Carlos Alberto Oliveira de {Magalh{\~a}es J{\'u}nior} and Michel Corci Batista},
	isbn = {978-65-87542-35-5},
	location = {Maring{\'a} - PR},
	pages = {19},
	publisher = {Massoni},
	title = {A pesquisa e os produtos educacionais nos programas profissionais},
	url = {https://www.researchgate.net/profile/Carlos-Magalhaes-Junior/publication/358189924_Metodologia_da_Pesquisa_em_Educacao_e_Ensino_de_Ciencias/links/61f4261caad5781d41b6dd5e/Metodologia-da-Pesquisa-em-Educacao-e-Ensino-de-Ciencias.pdf?origin=publication_detail},
	year = {2021}
}

@book{narrativas,
	author = {C{\^a}ndida Vilares Gancho},
	isbn = {85 08 03788 0},
	location = {S{\~a}o Paulo},
	pages = {78},
	publisher = {Editora {\'A}tica},
	title = {Como analisar narrativas},
	year = {2002}
}

@inbook{representacoes_metodologia,
	author = {Adriano Jos{\'e} Ortiz and Felipe Triani and Carlos Alberto Oliveira de {Magalh{\~a}es J{\'u}nior}},
	booktitle = {Metodologia da Pesquisa em Educa{\c c}{\~a}o e Ensino de Ci{\^e}ncia},
	editor = {Carlos Alberto Oliveira de {Magalh{\~a}es J{\'u}nior} and Michel Corci Batista},
	isbn = {978-65-87542-35-5},
	location = {Maring{\'a} - PR},
	pages = {19},
	publisher = {Massoni},
	title = {Representa{\c c}{\~o}es sociais: uma teoria, muitos caminhos},
	url = {https://www.researchgate.net/profile/Carlos-Magalhaes-Junior/publication/358189924_Metodologia_da_Pesquisa_em_Educacao_e_Ensino_de_Ciencias/links/61f4261caad5781d41b6dd5e/Metodologia-da-Pesquisa-em-Educacao-e-Ensino-de-Ciencias.pdf?origin=publication_detail},
	year = {2021}
}

@booklet{Itinirarios_nem,
	author = {Anderfabio Oliveira dos Santos},
	institution = {Minist{\'e}rio da Educa{\c c}{\~a}o},
	title = {Grupo de trabalho para elabora{\c c}{\~a}o dos itiner{\'a}rios formativos},
	url = {https://professor.escoladigital.pr.gov.br/sites/professores/arquivos_restritos/files/documento/2022-02/caderno_itinerarios_formativos2022.pdf#page=63; https://www.gov.br/mec/pt-br/novo-ensino-medio/itinerarios-formativos-do-novo-ensino-medio},
	year = {2022}
}

@inbook{Interdisciplinaridade_CT,
	author = {Arlindo {Philippi J{\'u}nior}},
	booktitle = {Interdisciplinaridade em Ci{\^e}ncias Ambientais},
	chapter = {Introdu{\c c}{\~a}o},
	editor = {Arlindo {Philippi J{\'u}nior} and Carlos E. Morelli Tucci and Daniel Joseph Hogan and Raul Navegantes},
	institution = {ONU - PNUMA},
	location = {S{\~a}o Paulo},
	pages = {11},
	publisher = {Signus Editora},
	title = {Interdisciplinaridade como \ensuremath{\alpha}tributo da C\&T},
	url = {http://www.nuredam.com.br/files/divulgacao/philippi01.pdf},
	year = {2000}
}

@inbook{Marcos_Conceituais_Interdisciplinaridade,
	author = {Dimas Floriani},
	booktitle = {Interdisciplinaridade em Ci{\^e}ncias Ambientais},
	chapter = {5},
	editor = {Arlindo {Philippi J{\'u}nior} and Carlos E. Morelli Tucci and Daniel Joseph Hogan and Raul Navegantes},
	institution = {ONU - PNUMA},
	location = {S{\~a}o Paulo},
	pages = {7},
	publisher = {Signus Editora},
	title = {Marcos Conceituais para o Desenvolvimento da Interdisciplinaridade},
	url = {http://www.nuredam.com.br/files/divulgacao/philippi01.pdf},
	year = {2000}
}

@inbook{consideracoes_Interdisciplinaridade,
	author = {Jos{\'e} {\'A}vila Aguiar de Coimbra},
	booktitle = {Interdisciplinaridade em Ci{\^e}ncias Ambientais},
	chapter = {3},
	editor = {Arlindo {Philippi J{\'u}nior} and Carlos E. Morelli Tucci and Daniel Joseph Hogan and Raul Navegantes},
	institution = {ONU - PNUMA},
	location = {S{\~a}o Paulo},
	pages = {18},
	publisher = {Signus Editora},
	title = {Considera{\c c}{\~o}es sobre a Interdisciplinaridade},
	url = {http://www.nuredam.com.br/files/divulgacao/philippi01.pdf},
	year = {2000}
}

@inbook{Interdisciplinares_Consolidados,
	author = {Magda Zanoni},
	booktitle = {Interdisciplinaridade em Ci{\^e}ncias Ambientais},
	chapter = {6},
	editor = {Arlindo {Philippi J{\'u}nior} and Carlos E. Morelli Tucci and Daniel Joseph Hogan and Raul Navegantes},
	institution = {ONU - PNUMA},
	location = {S{\~a}o Paulo},
	pages = {19},
	publisher = {Signus Editora},
	title = {Pr{\'a}ticas Interdisciplinares em Grupos Consolidados},
	url = {http://www.nuredam.com.br/files/divulgacao/philippi01.pdf},
	year = {2000}
}

@inbook{Interdisciplinaridade_Sociedade,
	author = {Vania Luiz da Costa},
	booktitle = {Interdisciplinaridade em Ci{\^e}ncias Ambientais},
	chapter = {11},
	editor = {Arlindo {Philippi J{\'u}nior} and Carlos E. Morelli Tucci and Daniel Joseph Hogan and Raul Navegantes},
	institution = {ONU - PNUMA},
	location = {S{\~a}o Paulo},
	pages = {12},
	publisher = {Signus Editora},
	title = {Interdisciplinaridade e Sociedade},
	url = {http://www.nuredam.com.br/files/divulgacao/philippi01.pdf},
	year = {2000}
}

@inbook{Interdisciplinaridade_nucleos,
	author = {Daniel Joseph Hogan and Arlindo {Philippi J{\'u}nior}},
	booktitle = {Interdisciplinaridade em Ci{\^e}ncias Ambientais},
	chapter = {14},
	editor = {Arlindo {Philippi J{\'u}nior} and Carlos E. Morelli Tucci and Daniel Joseph Hogan and Raul Navegantes},
	institution = {ONU - PNUMA},
	location = {S{\~a}o Paulo},
	pages = {13},
	publisher = {Signus Editora},
	title = {A Import{\^a}ncia de N{\'u}cleos Interdisciplinares em Ensino, Pesquisa e Extens{\~a}o},
	url = {http://www.nuredam.com.br/files/divulgacao/philippi01.pdf},
	year = {2000}
}

@inbook{Interdisciplinaridade_Hidricos,
	author = {Carlos E. Morelli Tucci},
	booktitle = {Interdisciplinaridade em Ci{\^e}ncias Ambientais},
	chapter = {15},
	editor = {Arlindo {Philippi J{\'u}nior} and Carlos E. Morelli Tucci and Daniel Joseph Hogan and Raul Navegantes},
	institution = {ONU - PNUMA},
	location = {S{\~a}o Paulo},
	pages = {11},
	publisher = {Signus Editora},
	title = {Desafios em Recursos H{\'\i}dricos},
	url = {http://www.nuredam.com.br/files/divulgacao/philippi01.pdf},
	year = {2000}
}

@inproceedings{Silva2015,
    author = {Silva, Aline Santos dos and de Neto, Marciano Henrique Lucena},
    title = {Cana-de-a\c{c}\'{u}car como tema gerador no ensino de qu\'{i}mica},
    booktitle = {Anais do Congresso Nacional de Pesquisa e Ensino em Ci\^{e}ncias},
    pages = {6},
    year = {2015},
    location = {Natal},
    publisher = {Universidade Federal de Campina Grande -- UFCG}
}

@inbook{Critica_Interdisciplinar,
	author = {Tadeu Fabr{\'\i}cio Malheiros and Arlindo {Philippi J{\'u}nior}},
	booktitle = {Interdisciplinaridade em Ci{\^e}ncias Ambientais},
	chapter = {3},
	editor = {Arlindo {Philippi J{\'u}nior} and Carlos E. Morelli Tucci and Daniel Joseph Hogan and Raul Navegantes},
	institution = {ONU - PNUMA},
	location = {S{\~a}o Paulo},
	pages = {9},
	publisher = {Signus Editora},
	title = {Uma Vis{\~a}o Cr{\'\i}tica da Pr{\'a}tica Interdisciplinar },
	url = {http://www.nuredam.com.br/files/divulgacao/philippi01.pdf},
	year = {2000}
}

@article{interdisciplinar_Duas_Culturas,
	author = {Angela Maria Hartmann and Erika Zimmermann},
	issn = {1806-5104},
	journal = {Revista Brasileira de Pesquisa em Educa{\c c}{\~a}o em Ci{\^e}ncias},
	number = {2},
	title = {O trabalho interdisciplinar no Ensino M{\'e}dio: A reaproxima{\c c}{\~a}o das ``Duas Culturas''},
	volume = {7},
	year = {2007}
}

@manual{FM_2-0,
	author = {headquarters department of the ARMY},
	institution = {U.S. Army Intelligence Center of Excellence ATZS-CDI-D},
	location = {Fort Huachuca, AZ 85613-7017},
	month = mar,
	pages = {196},
	title = {Intelligence FM 2-0},
	url = {https://irp.fas.org/doddir/army/fm2-0.pdf},
	year = {2010}
}

@book{CIA_global_trends_2025,
	author = {The National Intelligence Council},
	booktitle = {O novo relat{\'o}rio da CIA : como ser{\'a} o mundo amanh{\~a}},
	editor = {Her{\'o}doto Barbeiro and Claudio Blanc},
	isbn = {987-85-61501-11-2},
	location = {S{\~a}o Paulo},
	month = mar,
	organization = {CIA},
	pages = {191},
	publisher = {Gera{\c c}{\~a}o Editorial},
	title = {Global trends 2025 : a transformed world.},
	url = {https://www.files.ethz.ch/isn/94769/2008_11_global_trends_2025.pdf},
	year = {2009}
}

@misc{Python_NLTK,
	author = {NLTK},
	title = {Natural Language Toolkit},
	url = {https://www.nltk.org},
	urlaccessdate = {11 nov 2022},
	year = {2022}
}

@misc{Python_NLTK_freqs,
	author = {Jo{\~a}o Henrique da SILVA},
	title = {C{\'o}digo-fonte},
	url = {https://github.com/Hyperborea284/Python_NLTK},
	urlaccessdate = {28 mar 2020},
	year = {2022}
}

@book{Potencial_Energeticos_2050,
	author = {Empresa Pesquisade Energ{\'e}tica EPE and Minist{\'e}rio Minas Energia de e MPE},
	booktitle = {Nota t{\'e}cnica PR 04/18},
	institution = {Minist{\'e}rio Minas de Energia},
	location = {Rio de Janeiro},
	month = sep,
	pages = {186},
	series = {Recursos Energ{\'e}ticos},
	title = {Potencial dos Recursos Energ{\'e}ticos no Horizonte 2050},
	url = {https://www.epe.gov.br/sites-pt/publicacoes-dados-abertos/publicacoes/PublicacoesArquivos/publicacao-227/topico-416/NT04%20PR_RecursosEnergeticos%202050.pdf},
	year = {2018}
}

@article{Energia_ambiente_Brasil,
	author = {Jos{\'e} Goldemberg and Oswaldo Lucon},
	journal = {Estudos Avan{\c c}ados},
	number = {59},
	pages = {14},
	title = {Energia e meio ambiente no Brasil},
	url = {https://edisciplinas.usp.br/pluginfile.php/4986485/mod_resource/content/1/Energia%20e%20Meio%20Ambiente%20no%20Brasil%20-%20Jos%C3%A9%20Goldemberg.pdf},
	volume = {21},
	year = {2007}
}

@article{Energy_Storage_Smart_Grids,
	author = {Bradford P. Roberts and Chet Sandberg},
	institution = {IEEE},
	journal = {Proceedings of the IEEE},
	localfile = {The Role of Energy Storage in Development of Smart Grids},
	month = jun,
	number = {6},
	pages = {6},
	title = {The Role of Energy Storage in Development of Smart Grids},
	volume = {99},
	year = {2011}
}

@article{radiological_coal-fired,
	author = {I. Prli{\'c} and G. Marovi{\'c} and J. Sen{\v c}ar and J. Kova{\v c}},
	journal = {Journal of Radioanalytical and Nuclear Chemistry},
	title = {Improvement of the radiological environmental situation due to remedial actions at a coal-fired power plant},
	url = {https://doi.org/10.1023/B:JRNC.0000034884.26071.a9},
	year = {2004}
}

@book{Plano_Expansao_Energia_2030,
	author = {Empresa Pesquisa Energ{\'e}tica de EPE and Minist{\'e}rio Minas Energia de MME},
	institution = {Minist{\'e}rio Minas de Energia},
	location = {Rio de Janeiro},
	pages = {453},
	series = {Recursos Energ{\'e}ticos},
	title = {Plano Decenal de Expans{\~a}o de Energia 2030},
	url = {https://www.epe.gov.br/sites-pt/publicacoes-dados-abertos/publicacoes/PublicacoesArquivos/publicacao-490/PDE%202030_RevisaoPosCP_rv2.pdf},
	year = {2021}
}

@inbook{Interdisciplinar_Complexidade,
	author = {Enrique Leff},
	booktitle = {Interdisciplinaridade em Ci{\^e}ncias Ambientais},
	chapter = {2},
	editor = {Arlindo {Philippi J{\'u}nior} and Carlos E. Morelli Tucci and Daniel Joseph Hogan and Raul Navegantes},
	institution = {ONU - PNUMA},
	location = {S{\~a}o Paulo},
	pages = {33},
	publisher = {Signus Editora},
	title = {Complexidade, Interdisciplinaridade e Saber Ambiental},
	url = {http://www.nuredam.com.br/files/divulgacao/philippi01.pdf},
	year = {2000}
}

@inbook{Metodologia_Mista,
	author = {Joici Carvalho de Leite and T{\^a}nia do Carmo},
	booktitle = {Metodologia da Pesquisa em Educa{\c c}{\~a}o e Ensino de Ci{\^e}ncias},
	editor = {Carlos Alberto Oliveira de {Magalh{\~a}es J{\'u}nior} and Michel Corci Batista},
	isbn = {978-65-87542-35-5},
	location = {Maring{\'a} - PR},
	pages = {15},
	publisher = {Massoni},
	title = {Metodologia Mista},
	url = {https://www.researchgate.net/profile/Carlos-Magalhaes-Junior/publication/358189924_Metodologia_da_Pesquisa_em_Educacao_e_Ensino_de_Ciencias/links/61f4261caad5781d41b6dd5e/Metodologia-da-Pesquisa-em-Educacao-e-Ensino-de-Ciencias.pdf?origin=publication_detail},
	year = {2021}
}

@article{Evocacao_livre,
	author = {Ana Carla Oliveira de Faria and Marcelo Nocelle de Almeida},
	issn = {1984-6290},
	journal = {Revista Educa{\c c}{\~a}o P{\'u}blica},
	month = oct,
	number = {38},
	title = {Evoca{\c c}{\~a}o livre de palavras como instrumento de avalia{\c c}{\~a}o diagn{\'o}stica},
	url = {https://educacaopublica.cecierj.edu.br/artigos/20/38/lou-evocacao-livre-de-palavras-como-instrumento-de-avaliacao-diagnostica},
	volume = {20},
	year = {2020}
}

@book{bardin_analise,
	author = {Bardin, Laurence},
	title = {Análise de conteúdo},
	year = {2016},
	publisher = {Edições 70},
	location = {Lisboa},
	pages = {292},
	series = {Coleção Persona: Psicologia},
}

@misc{video_prd_ed,
	author = {Michel Corci Batista},
	title = {Produto Educacional},
	url = {https://onedrive.live.com/?authkey=%21ANPa1veJ8VNDdYY&cid=C0C563767EE8BBB4&id=C0C563767EE8BBB4%2195539&parId=C0C563767EE8BBB4%2172933&o=OneUp},
	urlaccessdate = {18 jul 2022},
	year = {2021}
}

@article{Novo1,
	author = {Yash Amonkar and David J. Farnham and Upmanu Lall},
	journal = {Patterns},
	pages = {12},
	title = {A k-nearest neighbor space-time simulator with applications to large-scale wind and solar power modeling},
	url = {http://creativecommons.org/licenses/by-nc-nd/4.0},
	year = {2021}
}

@book{BNCC,
	author = {BRASIL},
	location = {Bras{\'\i}lia},
	pages = {600},
	title = {Ministerio da Educa{\c c}{\~a}o - Base Nacional Comum Curricular},
	url = {http://basenacionalcomum.mec.gov.br/images/BNCC_EI_EF_110518_versaofinal_site.pdf},
	year = {2018}
}

@unpublished{iramuteqlike,
	author = {Daniel Vartanian and Alesandra Araujo {de Souza} and Mario Pedrazzoli},
	note = {Lifecycle: experimental},
	title = {{iramuteqlike}: an R package with tools to reproduce the IRaMuTeQ software analyses in R},
	url = {https://gipso.github.io/iramuteqlike},
	year = {2021}
}

@book{etica_educacao,
	author = {Sheyla Maria Fontenele Macedo},
	booktitle = {A {\'E}tica, a {\'e}tica profissional e a educa{\c c}{\~a}o},
	isbn = {987-85-444-2803-0},
	location = {Curitiba},
	pages = {114},
	publisher = {CRV Editora},
	series = {La{\c c}os e Enlances: {\'e}tica e profissionaliza{\c c}{\~a}o do pedagogo},
	volume = {1},
	year = {2018}
}

@incollection{etica_educacao_2,
	author = {Sheyla Maria Fontenele Macedo},
	booktitle = {A {\'E}tica, a {\'e}tica profissional e a educa{\c c}{\~a}o},
	isbn = {987-85-444-2803-0},
	location = {Curitiba},
	pages = {29},
	publisher = {CRV Editora},
	series = {La{\c c}os e Enlances: {\'e}tica e profissionaliza{\c c}{\~a}o do pedagogo},
	title = {A alian{\c c}a entre a {\'e}tica, a {\'e}tica profissional e a educa{\c c}{\~a}o},
	volume = {1},
	year = {2018}
}

@misc{catalogo_capes,
	author = {CAPES},
	institution = {CAPES},
	journal = {Coordena{\c c}{\~a}o de Aperfei{\c c}oamento de Pessoal de N{\'\i}vel Superior},
	title = {CAPES - Cat{\'a}logo de teses},
	url = {https://catalogodeteses.capes.gov.br/catalogo-teses/#!/},
	urlaccessdate = {11 nov 2022},
	year = {2022}
}

@misc{python_selenium,
	author = {SELENIUM},
	title = {Python - Selenium},
	url = {https://www.selenium.dev},
	urlaccessdate = {16 nov 2022},
	year = {2022}
}

@misc{Python_NLTK_capes,
	author = {Jo{\~a}o Henrique da SILVA},
	title = {C{\'o}digo-fonte},
	url = {https://github.com/Hyperborea284/CAPES},
	urlaccessdate = {28 mar 2020},
	year = {2022}
}


@article{kwok2013applications,
  title={Applications of machine learning in sentiment analysis},
  author={Kwok, Cody and Wang, Lei},
  journal={Proceedings of the Association for Information Science and Technology},
  volume={50},
  number={1},
  pages={1--4},
  year={2013},
  publisher={Wiley Online Library},
  url={https://onlinelibrary.wiley.com/doi/abs/10.1002/meet.14505001199}
}

@article{rojas2016text,
  title={Text mining and social media: when quantitative meets qualitative, and software meets humans},
  author={Rojas, Hern{\'a}n and Puertas, Alvaro and Pomares, Hector},
  journal={Information Processing \& Management},
  volume={52},
  number={5},
  pages={801--819},
  year={2016},
  publisher={Elsevier},
  url={https://www.sciencedirect.com/science/article/pii/S030645731630125X}
}

@article{newman2010networks,
  title={Networks: An introduction},
  author={Newman, Mark},
  journal={Oxford University Press},
  year={2010},
  url={https://global.oup.com/academic/product/networks-9780199206650?cc=us&lang=en&}
}

@inproceedings{blei2003latent,
  title={Latent dirichlet allocation},
  author={Blei, David M and Ng, Andrew Y and Jordan, Michael I},
  booktitle={Advances in neural information processing systems},
  pages={601--608},
  year={2003},
  url={https://papers.nips.cc/paper/2003/file/9440d0cfd35dbf3e226ca5a4643e414f-Paper.pdf}
}

@article{guo2021green,
	title={Green and Sustainable Manufacturing: A Review and Research Agenda},
	author={Guo, Xiu and Zhu, Qin and Zhang, Yu and Jia, Fei and Zhang, Xinhua},
	journal={Journal of Cleaner Production},
	volume={293},
	pages={126239},
	year={2021},
	publisher={Elsevier},
	url={https://www.researchgate.net/publication/364937335_Sustainable_Lean_and_Green_Manufacturing_An_Empirical_Review_of_Their_Strategies}
}

@article{santos2021visao,
	title={A visão doutrinária do conflito: uma análise crítica e sua representação social},
	author={Santos, Cynthia Amaral and Fleury, João Felipe da Silva and Miranda, Ana Valéria de Jesus Ribeiro and Machado, Humberto Cesar},
	journal={Revista do Instituto de Direito Constitucional e Cidadania-IDCC},
	volume={6},
	number={2},
	pages={e031},
	year={2021},
	publisher={Instituto de Direito Constitucional e Cidadania-IDCC},
	doi={10.48159/revistadoidcc.v6n2.e031},
	url={}
}

@article{mesacasa2019desenvolvimento,
	title={Desenvolvimento de produtos de moda a partir de resíduos têxteis: um estudo na cidade de Pato Branco-PR},
	author={Mesacasa, Andr{'e}ia and Cunha, Mario Ant{^o}nio Alves da},
	journal={DAPesquisa},
	volume={14},
	number={23},
	pages={66--87},
	year={2019},
	publisher={Universidade do Estado de Santa Catarina},
	issn={1808-3129},
	doi={http://dx.doi.org/10.5965/1808312914232019066}
}

@article{li2019air,
	title={Air pollution and its impact on human health and the environment: a global challenge for 	the twenty-first century},
	author={Li, Qian and Zhang, Ming and Zhang, Qing and Cheng, Peng and Wang, Qi and Wang, Jingyu 	and Wang, Jie and Huang, Fang and Li, Na and Wei, Suo and others},
	journal={Environmental science and pollution research},
	volume={26},
	number={31},
	pages={31909--31925},
	year={2019},
	publisher={Springer},
	url={https://environhealthprevmed.biomedcentral.com/articles/10.1007/s12199-007-0018-5}
}

@misc{mma:poluicao,
	title = {Poluição das águas},
	organization = {Brasil. Ministério do Meio Ambiente},
	url = {http://www.mma.gov.br/saneamento-ambiental/polui%C3%A7%C3%A3o-das-%C3%A1guas.html},
	year = {2023},
	note = {Acesso em: 19 mar. 2023},
}

@article{dutoit2002high,
  title={High-quality text-to-speech synthesis: an overview},
  author={Dutoit, Thierry},
  journal={TCTS Lab, Faculte Polytechnique de Mons},
  year={2002},
  address={31, bvd Dolez, B-7000 MONS (Belgium)},
  note={email: dutoit@tcts.fpms.ac.be, tel: /32/65/374133, fax: /32/65/374129},
  url={https://www.academia.edu/download/3436726/Dutoit.pdf}
}

@inproceedings{hiyakumoto2000semantic,
  title={Semantic and Discourse Information for Text-to-Speech Intonation},
  author={Hiyakumoto, Laurie and Prevost, Scott and Cassell, Justine},
  booktitle={Proc. of the 6th European Conference on Speech Communication and Technology},
  year={2000},
  address={Cambridge, MA USA},
  publisher={The Media Laboratory, Massachusetts Institute of Technology},
  pages={2217--2220},
  note={email: {hyaku, prevost, justine}@media.mit.edu},
  url={http://www.isca-speech.org/archive/eurospeech_2001/e01_2217.pdf}
}

@misc{live-transcribe,
  title = {{Live Transcribe \& Notification}},
  howpublished = {\url{https://play.google.com/store/apps/details?id=com.google.audio.hearing.visualization.accessibility.scribe&hl=en&gl=US}},
  note = {Acesso em: 19 mar. 2023},
  author = {{Google LLC}},
  year = {2023},
}